@book{lavdzer,
    author="N. Lavrac and S. Dzeroski",
    title="Inductive Logic Programming: Techniques and Applications",
    year="1991",
    publisher="Ellis Horwood, New York"
}

@article{mugg,
    author="S. Muggleton",
    title="Inductive Logic Programming",
    journal="New Generation Computing",
    volume="8",
    number="4",
    year="1991"
}
