@article{lrp,
    author="B. L. Richards and R. J. Mooney",
    title="Learning Relations by Pathfinding",
    year="1992",
    journal="Appears in Proceedings of the Tenth National Conference on
    Artificial Intelligence (AAAI-92),
    pp.50-55, San Jose, CA"
}

@article{foil,
    author="J. R. Quinlan",
    title="Learning Logical Definitions from Relations",
    year="1990",
    journal="Machine Learning, 5:239-266"
}

@article{focl,
    author="M. J. Pazzani, C. A. Brunk and G. Silverstein",
    title="A knowledge-intensive Approach to Relational Concept Learning",
    year="1991",
    journal="Proceedings of the Eighth International Workshop on Machine
        Learning, pp. 432-436"
}

@article{golem,
    author="S. Muggleton and C. Feng",
    title="Efficient induction of logic programs",
    year="1990",
    journal="Proceedings of the First Conference on Algorithmic Learning
    Theory"
}

@article{forte,
    author="B. L. Richards and R. J. Mooney",
    title="First-Order theory revisions",
    year="1991",
    journal="Proceedings of the Eighth International Workshop on Machine
        Learning, pp. 447-451"
}

@book{lavdzer,
    author="N. Lavrac and S. Dzeroski",
    title="Inductive Logic Programming: Techniques and Applications",
    year="1991",
    publisher="Ellis Horwood, New York"
}

@article{mugg,
    author="S. Muggleton",
    title="Inductive Logic Programming",
    journal="New Generation Computing",
    volume="8",
    number="4",
    year="1991"
}
