@article{lpakr,
      author="Baral C. and Gelfond M.",
      title="Logic programming and knowledge representation",
      year="1994",
      journal="The Journal of Logic Programming, pp.73-148"
}

@article{folp,
    author="Lloyd J.",
    title="Foundations of Logic Programming",
    year="1987"
}

@article{ide,
    author="Quinlan J.",
    title="Induction of decision trees",
    year="1986",
    journal="Machine Learning, pp.81-106"
}

@article{AQ1,
    author="Michalski R.",
    title="A theory and methodology of inductive learning",
    year="1983",
    journal="Machine Learning: An Artificial Intelligence Approach, pp.83-134"
}

@article{AQ2,
    author="Michalski R., Mozetic I., Hong J. and Lavrawc N",
    title="The multi-purpose incremental learning system AQ15 and its testing
        application on three medical domains",
    journal="Proc. Fifth National Conference on Artifical Intelligence,
    pp.1041-1045",
    year="1986"
}

@article{mugg,
    author="Muggleton S.",
    title="Inductive Logic Programming",
    year="1991",
    journal="New Generation Computing, pp.295-318"
}

@article{mugg2,
    author="Muggleton, S.",
    title="Inductive Logic Programming",
    year="1992",
    journal="Academic Press, London"
}

@article{laz,
    author="Lazrac N., Cestnik B. and Dzerski S.",
    title="Use of heuristics in empirical inductive logic programming",
    journal="Proc. Second International Workshop on Inductive Logic
        Programming",
    year="1992"
}

@article{ass,
    author="Cestnik B., Kononenko I. and Bratko I.",
    title="ASSSISTANT 86: A knowledge elicitation tool for sophisticated
        users",
    journal="Progress in Machine Learning pp.31-45",
    year="1987"
}

@article{cn2,
    author="Clark P. and Niblett T.",
    title="Induction in noisy domains",
    journal="Progress in Machine Learning pp.11-30",
    year="1987"
}

@article{cn22,
    author="Clark P. and Boswell R.",
    title="Rule induction with CN2: Some recent improvements",
    journal="Proc. Fifth European Working Session on Learning pp.151-163",
    year="1991"
}

@article{c45,
    author="Quinlan J.",
    title="C4.5: Programs for Machine Learning",
    year="1993"
}
